@STRING(JMS="Journal of Molecular Spectroscopy")
@STRING(JCP="Journal of Chemical Physics")
@STRING(JPB="Journal of Physics B: Atomic, Molecular and Optical Physics")

@ARTICLE{Lewis:1993a,
	AUTHOR		= {E. L. Lewis and C. W. P. Palmer and J. L. Cruickshank},
	TITLE		= {Iodine Molecular Constants from Absorption and Laser Fluorescence},
	YEAR		= {1993},
	JOURNAL		= "American Journal of Physics",
		VOLUME	= {62},
		NUMBER	= {},
		MONTH	= {},
		PAGES	= {350--356}
}

@ARTICLE{Dunham:1932a,
	AUTHOR		= {J. L. Dunham},
	TITLE		= {The Energy Levels of a Rotating Vibrator},
	YEAR		= {1932},
	JOURNAL		= "Physical Review",
		VOLUME	= {41},
		NUMBER	= {},
		MONTH	= {September},
		PAGES	= {721--731}
}

@ARTICLE{Koffend:1979a,
	AUTHOR		= {J. B. Koffend and R. Bacis and R. W. Field},
	TITLE		= {The Electronic Transition Moment of the BO(+u)-X(1)Sigma(+g) System of I2 through Gain Measurements of an I2 Optically Pumped Laser},
	YEAR		= {1979},
	JOURNAL		= JCP,
		VOLUME	= {70},
		NUMBER	= {},
		MONTH	= {March},
		PAGES	= {2366--2372}
}

@ARTICLE{Tellinghuisen:1982a,
	AUTHOR		= {J. Tellinghuisen},
	TITLE		= {Transition Strengths in the Visible-Infrared Absorption Spectrum of I2},
	YEAR		= {1982},
	JOURNAL		= JCP,
		VOLUME	= {76},
		NUMBER	= {},
		MONTH	= {May},
		PAGES	= {4736--4744}
}

@ARTICLE{Lamrini:1993a,
	AUTHOR		= {M. Lamrini and R. Bacis and D. Cerny and S. Churassy and P. Crozet and A. J. Ross},
	TITLE		= {The Electronic Transition Dipole Moment of the BO(+u)-XO(+g) Transition in Iodine},
	YEAR		= {1993},
	JOURNAL		= JCP,
		VOLUME	= {100},
		NUMBER	= {},
		MONTH	= {},
		PAGES	= {8780--8783}
}


@ARTICLE{Martin:1986a,
	AUTHOR		= {F. Martin and R. Bacis and S. Churassy and J. Verges},
	TITLE		= {Laser-Induced-Fluorescence Fourier Transform Spectrometry of the XO(+g) State of I2: Extensive Analysis of the BO(+u)-XO(+g) Fluorescence Spectrum of 127I2},
	YEAR		= {1986},
	JOURNAL		= JMS,
		VOLUME	= {116},
		NUMBER	= {},
		MONTH	= {},
		PAGES	= {71--100}
}

@ARTICLE{Wei:1974a,
	AUTHOR		= {James Wei and Joel Tellinghuisen},
	TITLE		= {Parameterizing Diatomic Spectra: "Best" Spectroscopic Constants for the I2 B-X Transition},
	YEAR		= {1974},
	JOURNAL		= JMS,
		VOLUME	= {50},
		NUMBER	= {},
		MONTH	= {},
		PAGES	= {317--332}
}

@ARTICLE{Tellinghuisen:1978a,
	AUTHOR		= {Joel Tellinghuisen},
	TITLE		= {Intensity Factors for the I2 B-X Band System},
	YEAR		= {1978},
	JOURNAL		= {Journal of Quantitative Spectroscopy and Radiative Transfer},
		VOLUME	= {19},
		NUMBER	= {},
		MONTH	= {},
		PAGES	= {149--161}
}

@ARTICLE{Gerstenkorn:1981a,
	AUTHOR		= {S. Gerstenkorn and P. Luc and J. Verges},
	TITLE		= {On the Ground Vibrational Level of the A(3)Pi(1u) State of the I2 Molecule},
	YEAR		= {1981},
	JOURNAL		= JPB,
		VOLUME	= {},
		NUMBER	= {},
		MONTH	= {},
		PAGES	= {L193--L196}
}

@ARTICLE{Gerstenkorn:1991a,
	AUTHOR		= {S. Gerstenkorn and P. Luc},
	TITLE		= {Molecular Constants Describing the B-X Transitions of I2(127,129) and I2(129,129)},
	YEAR		= {1991},
	JOURNAL		= {Canadian Journal of Physics},
		VOLUME	= {69},
		NUMBER	= {},
		MONTH	= {},
		PAGES	= {1299--1303}
}

@ARTICLE{Lewis:1994a,
	AUTHOR		= {E. L. Lewis and C. W. P. Palmer and J. L. Cruickshank},
	TITLE		= {Iodine Molecular Constants from Absorption and Laser Fluorescence},
	YEAR		= {1994},
	JOURNAL		= {American Journal of Physics},
		VOLUME	= {62},
		NUMBER	= {},
		MONTH	= {},
		PAGES	= {350--356}
}

@ARTICLE{Schmitt:1997a,
	AUTHOR		= {M. Schmitt and G. Knopp and A. Materny and W. Kiefer},
	TITLE		= {Femtosecond Time-Resolved Four-Wave Mixing Spectroscopy in Iodine Vapour},
	YEAR		= {1997},
	JOURNAL		= "Chemical Physical Letters",
		VOLUME	= {280},
		NUMBER	= {},
		MONTH	= {},
		PAGES	= {339--347}
}

@ARTICLE{Sikora:1997a,
	AUTHOR		= {P. Sikora and P Wiewior and P Kowalczyk and C Radzewicz},
	TITLE		= {Laser-Induced Fluorescence of I2 Molecule in an Undergraduate Student Laboratory},
	YEAR		= {1997},
	JOURNAL		= "European Journal of Physics",
		VOLUME	= {18},
		NUMBER	= {},
		MONTH	= {},
		PAGES	= {32--39}
}

@ARTICLE{Koehler:1933a,
	AUTHOR		= {James F. Koehler},
	TITLE		= {Quenching of Iodine Fluorescence by Iodine and Argon},
	YEAR		= {1933},
	JOURNAL		= "Physical Review",
		VOLUME	= {44},
		NUMBER	= {},
		MONTH	= {},
		PAGES	= {761--768}
}

@ARTICLE{Williams:1974a,
	AUTHOR		= {P. F. Williams and D. L. Rousseau and S. H. Dworetsky},
	TITLE		= {Resonance Fluorescence and Resonance Raman Scattering: Lifetimes in Molecular Iodine},
	YEAR		= {1974},
	JOURNAL		= PRL,
		VOLUME	= {32},
		NUMBER	= {5},
		MONTH	= {},
		PAGES	= {196--199}
}

