@STRING(PR="Physical Review")
@STRING(PRA="Physical Review A")

@ARTICLE{Bloch:1946a,
	AUTHOR		= {F. Bloch},
	TITLE		= {Nuclear Induction},
	YEAR		= {1946},
	JOURNAL		= PR,
		VOLUME	= {70},
		NUMBER	= {},
		MONTH	= {October},
		PAGES	= {460--474}
}

@BOOK{Pake:1962a,
	AUTHOR		= {G. E. Pake},
	TITLE		= {Paramagnetic Resonance},
	PUBLISHER	= {W. A. Benjamin, Inc.},
	YEAR		= {1962},
		VOLUME	= {},
		SERIES	= {},
		ADDRESS	= {New York},
		EDITION	= {},
		MONTH	= {},
		NOTE	= {16--39}
}

