This file was created with JabRef 2.2.
Encoding: Cp1252

@ARTICLE{Alvarez.2000,
  author = {J. {Alvarez-Mu\~{n}iz} and R. A. V\'{a}zquez and E. Zas},
  title = {Calculation methods for radio pulses from high energy showers},
  journal = {Phys. Rev. D},
  year = {2000},
  volume = {62},
  pages = {063001},
  owner = {kowalski},
  pdf = {C:\Documents and Settings\kowalski\Desktop\ThesisRef\thesis\AlvVazZasPRD62_063001.pdf},
  timestamp = {2007.07.24}
}

@comment{jabref-meta: selector_publisher:}

@comment{jabref-meta: selector_author:}

@comment{jabref-meta: selector_journal:}

@comment{jabref-meta: selector_keywords:}

