@STRING(JMS="Journal of Molecular Spectroscopy")

@PROCEEDINGS{Harding:2000a,
	AUTHOR		= {D. J. Harding and G. S. Berghoff},
	TITLE		= {Fault Scarp Detection Beneath Dense Vegetation Cover: Airborne LIDAR Mapping of the Seattle Fault Zone, Gainbridge Island, Washington State},
	PUBLISHER	= {Proceedings of the American Society of Photogrammetry and Remote Sensing Annual Conference},
	ADDRESS 	= {Washington, D.C.},
	YEAR		= {2000},
		MONTH	= {May},
		PAGES	= {9}
}

@PROCEEDINGS{Hopkinson:2001a,
	AUTHOR		= {C. Hopkinson and M. Demuth and M. Sitar and L. Chasmer},
	TITLE		= {Applications of Airborne LIDAR Mapping in Glacierised Mountainous Terrain},
	PUBLISHER	= {Geoscience and Remote Sensing Symposium, 2001. IGARSS '01. IEEE 2001 International},
	ADDRESS 	= {Sydney, Australia},
	YEAR		= {2001},
		MONTH	= {},
		PAGES	= {949--1051}
}

@PROCEEDINGS{Jeanneret:1998a,
	AUTHOR		= {F. Jeanneret and F. Kirchner and A. Clappier and H. van den Bergh and B. Calpini},
	TITLE		= {Pump-and-Probe Lidar: OH kinetics Study for determining a New Indicator for the Ozone Production},
	PUBLISHER	= {Proc., 19th ILRC},
	ADDRESS 	= {Annapolis USA},
	YEAR		= {1998},
		MONTH	= {},
		PAGES	= {665--668}
}

@PROCEEDINGS{Lienert:2005a,
	AUTHOR		= {Barry Lienert and Shiv K. Sharma and Teng Chen and Frank Price and John M. J. Madey},
	TITLE		= {Modeling of collection efficiency in lidar spectroscopy},
	PUBLISHER	= {Proceedings of SPIE -- Volume 5887, Lidar Remote Sensing for Environmental Monitoring VI, Upendra N. Singh, Editor},
	ADDRESS 	= {San Diego, California},
	YEAR		= {2005},
		MONTH	= {Spetember},
		PAGES	= {}
}

@ARTICLE{Neumann:2001a,
	AUTHOR		= {Gregory A. Neumann and David D. Rowlands and Frank G. Lemoine and David E. Smith and Maria T. Zuber},
	TITLE		= {Crossover analysis of Mars Orbiter Laser Altimeter data},
	YEAR		= {2001},
	JOURNAL		= {Journal of Geophysical Research},
		VOLUME	= {106},
		NUMBER	= {E10},
		MONTH	= {October},
		PAGES	= {23753--23768}
}

@ARTICLE{Fernald:1984a,
	AUTHOR		= {F. G. Fernald},
	TITLE		= {Analysis of atmospheric lidar observations: some comments},
	YEAR		= {1984},
	JOURNAL		= {Applied Optics},
		VOLUME	= {23},
		NUMBER	= {},
		MONTH	= {},
		PAGES	= {652}
}

@ARTICLE{Goldsmith:1998a,
	AUTHOR		= {J. E. M. Goldsmith and F. H. Blair and S. E. Bisson and and D. D. Turner},
	TITLE		= {Turn-Key Raman Lidar for Profiling Atmospheric Water Vapor, Clouds, and Aerosols},
	YEAR		= {1998},
	JOURNAL		= {Applied Optics},
		VOLUME	= {37},
		NUMBER	= {},
		MONTH	= {},
		PAGES	= {4979--7990}
}

@ARTICLE{Godin-Beekmann:2003a,
	AUTHOR		= {S. Godin-Beekmann and J. Porteneuve and A. Garnier},
	TITLE		= {Systematic DIAL lidar monitoring of the stratospheric ozone vertical distribution at Observatoire de Haute-Provence (43.92 degrees N, 5.71 degrees E)},
	YEAR		= {2003},
	JOURNAL		= {Journal of Environmental Monitoring},
		VOLUME	= {5},
		NUMBER	= {1},
		MONTH	= {},
		PAGES	= {57--67}
}

@ARTICLE{Hoffner:2004a,
	AUTHOR		= {J. H\"{o}ffner and J. S. Friedman},
	TITLE		= {Metal Layers at High Altitudes: A Possible Connection to Meteoroids},
	YEAR		= {2004},
	JOURNAL		= {Atmos. Chem. Phys. Discuss.},
		VOLUME	= {4},
		NUMBER	= {},
		MONTH	= {},
		PAGES	= {399--417}
}
