@STRING(JMS="Journal of Molecular Spectroscopy")

@ARTICLE{Noda:1982a,
	AUTHOR		= {Chifuru Noda and Richard N. Zare},
	TITLE		= {Relation between Classical and Quantum Formulations of the Franck-Condon Principle: The Generalized r-Centroid Approximation},
	YEAR		= {1982},
	JOURNAL		= JMS,
		VOLUME	= {95},
		NUMBER	= {},
		MONTH	= {},
		PAGES	= {254--270}
}

@ARTICLE{Yazykova:1980a,
	AUTHOR		= {S. M. Yazykova and E. V. Butyrskaya},
	TITLE		= {Mathematical Justification of the r-Centroid Method in Diatomic Molecules},
	YEAR		= {1980},
	JOURNAL		= {Journal of Physics B},
		VOLUME	= {13},
		NUMBER	= {},
		MONTH	= {},
		PAGES	= {3361--3367}
}

@ARTICLE{Rapoport:1977a,
	AUTHOR		= {L. P. Rapoport and V. I. Lisitsin and S. M. Yazykova},
	TITLE		= {Semi-Emperical Calculation Method for the Variation of Electronic Transition Moments in Diatomic Molecules},
	YEAR		= {1977},
	JOURNAL		= {Journal of Physics B},
		VOLUME	= {10},
		NUMBER	= {17},
		MONTH	= {},
		PAGES	= {3359--3363}
}
