@STRING(JMS="Journal of Molecular Spectroscopy")
@STRING(PRA="Physical Review A")
@STRING(RMP="Reviews of Modern Physics")
@STRING(PRL="Physical Review Letters")

@BOOK{Press:1992a,
	AUTHOR		= {William H. Press and Brian P. Flannery and Saul A. Teukolsky and William T. Vetterling},
	TITLE		= {Numerical Recipes in C},
	PUBLISHER	= {Cambridge University Press},
	YEAR		= {1992},
		VOLUME	= {},
		SERIES	= {},
		ADDRESS	= {New York, NY},
		EDITION	= {2},
		MONTH	= {},
		NOTE	= {}
}

